@misc{UTKFace_dataset,
    title = {UTKFace Dataset},
    howpublished = {Kaggle},
    year = {2024},
    note = {Available at: \url{https://www.kaggle.com/jangedoo/utkface-new}},
    author = {jangedoo}
}    

@misc{adience_dataset,
    title = {Adience Benchmark Gender and Age Classification Dataset},
    howpublished = {Kaggle},
    year = {2024},
    note = {Available at: \url{https://www.kaggle.com/datasets/ttungl/adience-benchmark-gender-and-age-classification}},
    author = {Tung Le}
}

@misc{github_repo,
    title = {GitHub Repository},
    howpublished = {GitHub},
    year = {2025},
    note = {Available at: \url{https://github.com/ShayGali/VisAge}},
    author = {Shay Gali, Michael Dadush}
}
